%%%%%%%%%%%%%%%%%%%%%%%%%%%%%%%%%%%%%%%%%%%%%%%%%%%%%%%%%%%%%%%%%%%%%%%%%%%%%%%%%%%%%%%
@article{larosa2007safety,
  title={Safety and efficacy of atorvastatin-induced very low-density lipoprotein cholesterol levels in patients with coronary heart disease (a post hoc analysis of the treating to new targets [TNT] study)},
  author={LaRosa, John C and Grundy, Scott M and Kastelein, John JP and Kostis, John B and Greten, Heiner and others},
  journal={The American journal of cardiology},
  volume={100},
  number={5},
  pages={747--752},
  year={2007},
  publisher={Elsevier}
}

@article{larosa2005intensive,
  title={Intensive lipid lowering with atorvastatin in patients with stable coronary disease},
  author={LaRosa, John C and Grundy, Scott M and Waters, David D and Shear, Charles and Barter, Philip and Fruchart, Jean-Charles and Gotto, Antonio M and Greten, Heiner and Kastelein, John JP and Shepherd, James and others},
  journal={New England Journal of Medicine},
  volume={352},
  number={14},
  pages={1425--1435},
  year={2005},
  publisher={Mass Medical Soc}
}

